@article{jansen2007optimisation,
  title={Optimisation or satiation, testing diet selection rules in goats},
  author={{\textbf{Jansen, David A}} and van Langevelde, Frank and de Boer, Willem F and Kirkman, Kevin P},
  journal={Small Ruminant Research},
  volume={73},
  number={1-3},
  pages={160--168},
  year={2007},
  publisher={Elsevier}
}

@article{jansen2012,
  title={Segmental concatenation of individual signatures and context cues in banded mongoose (Mungos mungo) close calls},
  author={{\textbf{Jansen, David A}} and Cant, Michael A and Manser, Marta B},
  journal={BMC biology},
  volume={10},
  pages={1--11},
  year={2012},
  publisher={BioMed Central}
}

@article{jansen2013,
  title={Testing for vocal individual discrimination in adult banded mongooses},
  author={{\textbf{Jansen, David A}} and Cant, Michael A and Manser, Marta B},
  journal={Journal of Zoology},
  volume={291},
  number={3},
  pages={171--177},
  year={2013}
}

@phdthesis{jansen2013thesis,
  title={Vocal communication in the banded mongoose (Mungos mungo)},
  author={{\textbf{Jansen, David A}}},
  year={2013},
  school={University of Zurich}
}

@incollection{manser2014,
  title={Vocal complexity in meerkats and other mongoose species},
  author={Manser, Marta B and Jansen, {\textbf{Jansen, David A}} and Graw, Beke and Holl{\'e}n, Linda I and Bousquet, Christophe AH and Furrer, Roman D and Le Roux, Aliza},
  booktitle={Advances in the Study of Behavior},
  volume={46},
  pages={281--310},
  year={2014},
  publisher={Academic Press}
}

@article{townsend2017exorcising,
  title={Exorcising G rice's ghost: An empirical approach to studying intentional communication in animals},
  author={Townsend, Simon W and Koski, Sonja E and Byrne, Richard W and Slocombe, Katie E and Bickel, Balthasar and Boeckle, Markus and Braga Goncalves, Ines and Burkart, Judith M and Flower, Tom and Gaunet, Florence and others},
  journal={Biological Reviews},
  volume={92},
  number={3},
  pages={1427--1433},
  year={2017},
  publisher={Blackwell Publishing Ltd Oxford, UK}
}

@article{akinyi2019costs,
  title={Costs and drivers of helminth parasite infection in wild female baboons},
  author={Akinyi, Mercy Y and {\textbf{Jansen, David A}}nd Habig, Bobby and Gesquiere, Laurence R and Alberts, Susan C and Archie, Elizabeth A},
  journal={Journal of Animal Ecology},
  volume={88},
  number={7},
  pages={1029--1043},
  year={2019}
}

@article{habig2019multi,
  title={Multi-scale predictors of parasite risk in wild male savanna baboons (Papio cynocephalus)},
  author={Habig, Bobby and {\textbf{Jansen, David A}} and Akinyi, Mercy Y and Gesquiere, Laurence R and Alberts, Susan C and Archie, Elizabeth A},
  journal={Behavioral Ecology and Sociobiology},
  volume={73},
  pages={1--16},
  year={2019},
  publisher={Springer Berlin Heidelberg}
}

@inproceedings{grieneisen2020heritability,
  title={HERITABILITY OF THE GUT MICROBIOME IN WILD BABOONS (PAPIO CYNOCEPHALUS)},
  author={Grieneisen, L and Dasari, M and Gould, TJ and Bjork, JR and Grenier, J and Yotova, V and Jansen, D and Gottel, N and Gilbert, JA and Barreiro, L and others},
  booktitle={AMERICAN JOURNAL OF PRIMATOLOGY},
  volume={82},
  year={2020},
  organization={WILEY 111 RIVER ST, HOBOKEN 07030-5774, NJ USA}
}

@article{grieneisen2021gut,
  title={Gut microbiome heritability is nearly universal but environmentally contingent},
  author={Grieneisen, Laura and Dasari, Mauna and Gould, Trevor J and Bj{\"o}rk, Johannes R and Grenier, Jean-Christophe and Yotova, Vania and {\textbf{Jansen, David A}}nd Gottel, Neil and Gordon, Jacob B and Learn, Niki H and others},
  journal={Science},
  volume={373},
  number={6551},
  pages={181--186},
  year={2021},
  publisher={American Association for the Advancement of Science}
}

@article{bjork2022synchrony,
  title={Synchrony and idiosyncrasy in the gut microbiome of wild baboons},
  author={Bj{\"o}rk, Johannes R and Dasari, Mauna R and Roche, Kim and Grieneisen, Laura and Gould, Trevor J and Grenier, Jean-Christophe and Yotova, Vania and Gottel, Neil and {\textbf{Jansen, David A}}nd Gesquiere, Laurence R and others},
  journal={Nature ecology \& evolution},
  volume={6},
  number={7},
  pages={955--964},
  year={2022},
  publisher={Nature Publishing Group UK London}
}

@article{gordon2022ordinal,
  title={Ordinal dominance rank assignments: protocol for the Amboseli Baboon Research Project},
  author={Gordon, Jacob B and {\textbf{Jansen, David A}}nd Learn, Niki H and Alberts, Susan C},
  journal={Avaialable at: https://amboselibaboons. nd. edu/downloads/, Accessed Feb},
  volume={23},
  pages={2023},
  year={2022}
}

@article{roche2023universal,
  title={Universal gut microbial relationships in the gut microbiome of wild baboons},
  author={Roche, Kimberly E and Bjork, Johannes R and Dasari, Mauna R and Grieneisen, Laura and {\textbf{Jansen, David A}}nd Gould, Trevor J and Gesquiere, Laurence R and Barreiro, Luis B and Alberts, Susan C and Blekhman, Ran and others},
  journal={Elife},
  volume={12},
  pages={e83152},
  year={2023},
  publisher={eLife Sciences Publications Limited}
}
